<?xml version="1.0" encoding="UTF-8"?><collection xmlns="http://www.loc.gov/MARC21/slim"><record><leader>00505nam--2200145-i-4500</leader><controlfield tag="001">000038825</controlfield><controlfield tag="002">20161230</controlfield><controlfield tag="005">20161230201042</controlfield><controlfield tag="008">060222s1000------------r-----000-0-eng-d</controlfield><datafield ind1=" " ind2=" " tag="080"><subfield code="a">614.7:628.511:621.039.58</subfield></datafield><datafield ind1=" " ind2=" " tag="245"><subfield code="a">Research and development studies in environmental pollution and in reactor cooling systems. nuclear eng.-part.xxi</subfield></datafield><datafield ind1=" " ind2=" " tag="260"><subfield code="a">New York, American Inst.Of Chemical Engineers, 1970, 227p</subfield></datafield><datafield ind1=" " ind2=" " tag="490"><subfield code="a">Chemical Engineering Progress Symposium Series</subfield></datafield><datafield ind1=" " ind2=" " tag="700"><subfield code="a">Moen, H.R</subfield></datafield><datafield ind1=" " ind2=" " tag="852"><subfield code="a">10950</subfield></datafield></record></collection>